@book{9780985978839,
  Author = {Alan B. Johnston and Daniel C. Burnett},
  Title = {WebRTC: APIs and RTCWEB Protocols of the HTML5 Real-Time Web},
  Publisher = {Digital Codex LLC},
  Year = {2013},
  ISBN = {098597883X},
  URL = {http://www.amazon.com/WebRTC-RTCWEB-Protocols-HTML5-Real-Time/dp/098597883X%3FSubscriptionId%3D0JYN1NVW651KCA56C102%26tag%3Dtechkie-20%26linkCode%3Dxm2%26camp%3D2025%26creative%3D165953%26creativeASIN%3D098597883X}
}


@book{9781782166306,
  Author = {Rob Manson},
  Title = {Getting Started with WebRTC},
  Publisher = {Packt Publishing},
  Year = {2013},
  ISBN = {1782166300},
  URL = {http://www.amazon.com/Getting-Started-WebRTC-Rob-Manson/dp/1782166300%3FSubscriptionId%3D0JYN1NVW651KCA56C102%26tag%3Dtechkie-20%26linkCode%3Dxm2%26camp%3D2025%26creative%3D165953%26creativeASIN%3D1782166300}
}
